<record><leader>00000cas a22000007a 4500</leader><controlfield tag="001">15159971</controlfield><controlfield tag="008">870206d1945194ugaumr ne      0    0ger d</controlfield><datafield ind1=" " ind2=" " tag="010"><subfield code="a">sn 87078447 </subfield></datafield><datafield ind1=" " ind2=" " tag="040"><subfield code="a">NPH</subfield><subfield code="b">eng</subfield><subfield code="c">NPH</subfield><subfield code="d">YOX</subfield><subfield code="d">OCLCQ</subfield><subfield code="d">OCLCO</subfield></datafield><datafield ind1="1" ind2=" " tag="029"><subfield code="a">AU@</subfield><subfield code="b">000025807862</subfield></datafield><datafield ind1="0" ind2=" " tag="041"><subfield code="a">gereng</subfield></datafield><datafield ind1=" " ind2=" " tag="042"><subfield code="a">msc</subfield></datafield><datafield ind1=" " ind2=" " tag="043"><subfield code="a">n-us---</subfield><subfield code="a">e-gx---</subfield><subfield code="a">n-us-ga</subfield></datafield><datafield ind1="0" ind2=" " tag="130"><subfield code="a">Wille und Weg (Fort Benning, Ga.)</subfield></datafield><datafield ind1="1" ind2="0" tag="245"><subfield code="a">Wille und Weg.</subfield></datafield><datafield ind1="1" ind2="3" tag="246"><subfield code="a">Will and way</subfield><subfield code="f">Dec. 1945-</subfield></datafield><datafield ind1=" " ind2=" " tag="260"><subfield code="a">Fort Benning, Ga. :</subfield><subfield code="b">Deutsches Kriegsgefangenenlager Fort Benning Georgia,</subfield><subfield code="c">1945-</subfield></datafield><datafield ind1=" " ind2=" " tag="300"><subfield code="a">v. :</subfield><subfield code="b">ill.</subfield></datafield><datafield ind1=" " ind2=" " tag="310"><subfield code="a">Monthly</subfield></datafield><datafield ind1="0" ind2=" " tag="362"><subfield code="a">1. Folge (Aug. 1945)-</subfield></datafield><datafield ind1=" " ind2=" " tag="500"><subfield code="a">"Monatschrift der deutschen Kriegsgefangenen Headquarters, Fort Benning, Georgia."</subfield></datafield><datafield ind1=" " ind2=" " tag="515"><subfield code="a">Not published in Oct. 1945; Issue for Nov. 1945 called "Sondergast."</subfield></datafield><datafield ind1=" " ind2=" " tag="521"><subfield code="a">Serves: "Fort Benning, Albany, Amerikus, Atlanta, Axson, Bainbridge, Blakely, Fargo, Moultrie, Thomasville, Tifton, Valdosta, Waycross."</subfield></datafield><datafield ind1=" " ind2=" " tag="546"><subfield code="a">In German, Aug. 1945- ; in German and English &lt;Nov. 1945-&gt;.</subfield></datafield><datafield ind1=" " ind2="0" tag="650"><subfield code="a">Germans</subfield><subfield code="z">United States</subfield><subfield code="v">Newspapers.</subfield></datafield><datafield ind1=" " ind2="0" tag="650"><subfield code="a">Prisoners of war</subfield><subfield code="z">Germany</subfield><subfield code="v">Newspapers.</subfield></datafield><datafield ind1=" " ind2="0" tag="650"><subfield code="a">Prisoners of war</subfield><subfield code="z">United States</subfield><subfield code="v">Newspapers.</subfield></datafield><datafield ind1=" " ind2="0" tag="650"><subfield code="a">World War, 1939-1945</subfield><subfield code="x">Prisoners and prisons, American</subfield><subfield code="v">Newspapers.</subfield></datafield><datafield ind1=" " ind2="0" tag="651"><subfield code="a">Fort Benning (Ga.)</subfield><subfield code="v">Newspapers.</subfield></datafield><datafield ind1=" " ind2=" " tag="752"><subfield code="a">United States</subfield><subfield code="b">Georgia</subfield><subfield code="d">Fort Benning.</subfield></datafield><datafield ind1="0" ind2=" " tag="775"><subfield code="t">Nachrichten der Lagerzeitung Wille und Weg</subfield><subfield code="w">(DLC)sn 91065049</subfield></datafield></record>